@Misc{Bello2023,
  author = {Cesar {Llamas Bello}},
  note   = {[Online; accessed 30-June-2023]},
  title  = {Tu Trabajo de Fin de Grado},
  year   = {2023},
  howpublished = "\url{https://cesarllamas.blogs.uva.es}",
}

@Misc{dervism2016,
  author       = {dervism},
  howpublished = "\url{https://github.com/dervism/erlang_raspberrypi_temperature_sensor}",
  month        = jun,
  note         = {[Online; accessed 27-June-2023]},
  title        = {erlang raspberrypi temperature sensor},
  year         = {2016},
}

@Misc{Hoguin,
  author  = {Loïc Hoguin},
  howpublished = "\url{https://erlang.mk/guide/index.html}",
  note    = {[Online; accessed 27-June-2023]},
  title   = {Erlang.mk User Guide},
  journal = {erlang.mk},
  url     = {https://erlang.mk/guide/index.html},
}

@Book{armstrong2013programming,
  author    = {Armstrong, Joe},
  publisher = {The Pragmatic Bookshelf},
  title     = {Programming Erlang: software for a concurrent world},
  year      = {2013},
  journal   = {Programming Erlang},
  pages     = {1--548},
}

@Article{TFG_VICTOR_RASO_RODRIGUEZ2020,
  author  = {Victor {Raso Rodriguez}},
  journal = {oa.upm.es},
  title   = {TFG {V}ICTOR {R}ASO {R}ODRIGUEZ},
  year    = {2020},
  month   = oct,
  note    = {[Online; accessed 27-June-2023]},
  url     = {https://oa.upm.es/67352/1/TFG_VICTOR_RASO_RODRIGUEZ.pdf},
}

@Misc{Nines2012,
  author  = {Nine Nines},
  howpublished = "\url{https://ninenines.eu/docs/en/cowboy/2.6/guide/getting_started/}",
  note    = {[Online; accessed 27-June-2023]},
  title   = {Cowboy Web Server-Getting Started},
  year    = {2012},
  journal = {ninenines.eu},
 
}

@Misc{marcelog2017,
  author  = {marcelog},
    howpublished = "\url{https://marcelog.github.io/articles/erlang_websocket_server_cowboy_tutorial.html}",
  month   = sep,
  note    = {[Online; accessed 28-June-2023]},
  title   = {Erlang Websocket Server using Cowboy},
  year    = {2017},
}

@Misc{Snapcraft2023,
  author  = {Canonical Snapcraft},
  howpublished = "\url{https://snapcraft.io/install/erlang/raspbian}",
  month   = apr,
  note    = {[Online; accessed 27-June-2023]},
  title   = {Install Erlang/OTP on Raspberry Pi},
  year    = {2023},
}

@Misc{abelectronics2022,
  author  = {abelectronics},
  howpublished = "\url{https://www.abelectronics.co.uk/kb/article/1035/serial-port-setup-in-raspberry-pi-os}",
  note    = {[Online; accessed 26-June-2023]},
  title   = {Serial Port setup in Raspberry Pi OS},
  year    = {2022},
}

@Misc{Pi2023,
  author  = {Raspberry Pi},
  howpublished = "\url{https://www.raspberrypi.com/software/}",
  note    = {[Online; accessed 27-June-2023]},
  title   = {Install Raspberry Pi OS using Raspberry Pi Imager},
  year    = {2023},
}

@Misc{Carles2020,
  author  = {Joan Carles},
  howpublished = "\url{https://geekland.eu/instalar-raspbian-con-raspberry-pi-imager/}",
  month   = mar,
  note    = {[Online; accessed 26-June-2023]},
  title   = {Instalar Raspbian con Raspberry Pi Imager de forma sencilla},
  year    = {2020},
}

@Misc{elinux2023,
  author  = {Skvamme},
  howpublished = "\url{https://elinux.org/Erlang}",
  note    = {[Online; accessed 27-June-2023]},
  title   = {Erlang},
  year    = {2023},
}

@Misc{TerryWarwick2023,
  author  = {TerryWarwick, rsameser, mattwojo, saraclay},
  howpublished = "\url{https://learn.microsoft.com/es-es/windows/iot-core/learn-about-hardware/pinmappings/pinmappingsrpi}",
  month   = apr,
  note    = {[Online; accessed 27-June-2023]},
  title   = {Asignaciones de patillas de Raspberry Pi 2 \& 3},
  year    = {2023},
}

@Misc{knewter2017,
  author  = {knewter},
  howpublished = "\url{https://github.com/esl/erlang_ale}",
  month   = mar,
  note    = {[Online; accessed 27-June-2023]},
  title   = {Erlang/ALE -- Erlang Actor Library for Embedded},
  year    = {2017},
}

@Book{cesarini2009erlang,
  author    = {Cesarini, Francesco and Thompson, Simon},
  publisher = {O'Reilly Media, Inc.},
  title     = {Erlang programming: a concurrent approach to software development},
  year      = {2009},
}

@Book{Gonzalez2019,
  author    = {Gonzalez, Rodrigo and Dabove, Paolo},
  publisher = {MDPI},
  title     = {Performance assessment of an ultra low-cost inertial measurement unit for ground vehicle navigation},
  year      = {2019},
  number    = {18},
  volume    = {19},
  journal   = {Sensors},
  pages     = {3865},
}

@Book{delligatti2013sysml,
  author    = {Delligatti, Lenny},
  publisher = {Addison-Wesley},
  title     = {SysML distilled: A brief guide to the systems modeling language},
  year      = {2013},
}

@Article{ave2012mpu,
  author  = {Ave, B and Number, D and Date, R},
  journal = {InvenSense: San Jose, CA, USA},
  title   = {MPU-6000 and MPU-6050 Product Specification},
  year    = {2012},
  pages   = {408},
  volume  = {1},
}

@Book{friedenthal2014practical,
  author    = {Friedenthal, Sanford and Moore, Alan and Steiner, Rick},
  publisher = {Morgan Kaufmann},
  title     = {A practical guide to SysML: the systems modeling language},
  year      = {2014},
}

@Book{kordon2013embedded,
  author    = {Kordon, Fabrice and Hugues, J{\'e}r{\^o}me and Canals, Agusti and Dohet, Alain},
  publisher = {John Wiley \& Sons},
  title     = {Embedded systems: analysis and modeling with SysML, UML and AADL},
  year      = {2013},
}

@Book{humbel2021model,
  author       = {Humbel, Lukas and Schwyn, Daniel and Hossle, Nora and Haecki, Roni and Licciardello, Melissa and Schaer, Jan and Cock, David and Giardino, Michael and Roscoe, Timothy},
  title        = {A Model-Checked I 2 C Specification},
  year         = {2021},
  booktitle    = {Model Checking Software: 27th International Symposium, SPIN 2021, Virtual Event, July 12, 2021, Proceedings 27},
  organization = {Springer},
  pages        = {177--193},
}


@Misc{ElectronicWings2006a,
  author  = {ElectronicWings},
  howpublished = "\url{https://www.electronicwings.com/raspberry-pi/mpu6050-accelerometergyroscope-interfacing-with-raspberry-pi}",
  note    = {[Online; accessed 28-June-2023]},
  title   = {MPU6050 (Accelerometer+Gyroscope) Interfacing with Raspberry Pi},
  year    = {2006},
}

@Misc{ElectronicWings2006,
  author  = {ElectronicWings},
  howpublished = "\url{https://www.electronicwings.com/raspberry-pi/triple-axis-magnetometer-hmc5883l-interfacing-with-raspberry-pi}",
  note    = {[Online; accessed 27-June-2023]},
  title   = {Triple Axis Magnetometer HMC5883L Interfacing with Raspberry Pi},
  year    = {2006},
}

@Misc{Campbell2020,
  author  = {Scott Campbell},
  howpublished = "\url{https://www.circuitbasics.com/use-putty-to-access-the-raspberry-pi-terminal-from-a-computer/}",
  month   = sep,
  note    = {[Online; accessed 23-June-2023]},
  title   = {USE PUTTY TO ACCESS THE RASPBERRY PI TERMINAL FROM A COMPUTER},
  year    = {2020},
}

@Misc{Honeywell2012,
  author  = {Honeywell},
  howpublished = "\url{https://pdf1.alldatasheet.es/datasheet-pdf/view/533072/HONEYWELL/HMC5983.html}",
  month   = jan,
  note    = {[Online; accessed 27-June-2023]},
  title   = {HMC5983 Datasheet},
  year    = {2012},
}

@Misc{Gus2022,
  author  = {Gus},
  howpublished = "\url{https://pimylifeup.com/raspberry-pi-distance-sensor/}",
  month   = jan,
  note    = {[Online; accessed 25-June-2023]},
  title   = {Raspberry Pi Distance Sensor using the HC-SR04},
  year    = {2022},
}

@Misc{enwiki:1157750403,
  author = {{Wikipedia contributors}},
  howpublished = "\url{https://en.wikipedia.org/w/index.php?title=Create, read, update and delete}",
  month  = may,
  note   = {[Online; accessed 27-June-2023]},
  title  = {Create, read, update and delete --- {Wikipedia}{,} The Free Encyclopedia},
  year   = {2023},
}

@Misc{Dave2016,
  author  = {Dave},
  howpublished = "\url{https://www.davekuhlman.org/cowboy-rest-add-get-update-list.html}",
  note    = {[Online; accessed 27-June-2023]},
  title   = {A Cowboy REST application with add, get, update, and list},
  year    = {2016},
  
}

@Misc{Pachal2018,
  author  = {Tyler Pachal},
  howpublished = "\url{https://tylerpachal.medium.com/creating-an-http-server-using-pure-otp-c600fb41c972}",
  month   = nov,
  note    = {[Online; accessed 27-June-2023]},
  title   = {Creating an HTTP Server using pure OTP},
  year    = {2018},
}

@Misc{erlang.org2023,
  author  = {erlang.org},
  howpublished = "\url{https://www.erlang.org/doc/man/inets.html}",
  note    = {[Online; accessed 30-June-2023]},
  title   = {inets Reference Manual},
  year    = {2023},
}

@Misc{Kovalev2014,
  author  = {Viacheslav Kovalev},
  howpublished = "\url{https://stackoverflow.com/questions/27028486/how-to-execute-system-command-in-erlang-and-get-results-using-oscmd-1}",
  month   = jul,
  note    = {[Online; accessed 27-June-2023]},
  title   = {How to execute system command in Erlang and get results using os:cmd/1},
  year    = {2014},
}

@Misc{erlang.org2023a,
  author  = {erlang.org},
  howpublished = "\url{https://www.erlang.org/doc/reference_manual/ports.html}",
  note    = {[Online; accessed 27-June-2023]},
  title   = {Ports and Port Drivers},
  year    = {2023},
}

@Misc{Espanol2020,
  author  = {JMeter en Español},
  howpublished = "\url{https://jmeterenespanol.org/jmeter/monitorear/}",
  month   = apr,
  note    = {[Online; accessed 25-June-2023]},
  title   = {Monitorización básica de tus servidores desde JMeter},
  year    = {2020},

}

@Misc{erlang.orgStart,
  author  = {erlang.org},
  howpublished = "\url{https://www.erlang.org/downloads}",
  note    = {[Online; accessed 10-July-2023]},
  title   = {Download Erlang/OTP},
  year    = {2023},
}

@Misc{Cowork2023,
  author  = {Leburo},
  howpublished = "\url{https://leburocowork.es/precio-coworking-valladolid}",
  month   = apr,
  note    = {[Online; accessed 08-July-2023]},
  title   = {Precio de Coworking en Valladolid},
  year    = {2023},

}



@Comment{jabref-meta: databaseType:bibtex;}
